%YAML 1.1
%TAG !u! tag:unity3d.com,2011:
--- !u!65 &1929362311042788106
BoxCollider:
  m_ObjectHideFlags: 0
  m_CorrespondingSourceObject: {fileID: 0}
  m_PrefabInstance: {fileID: 0}
  m_PrefabAsset: {fileID: 0}
  m_GameObject: {fileID: 1851687242278779523}
  m_Material: {fileID: 0}
  m_IsTrigger: 0
  m_Enabled: 1
  serializedVersion: 2
  m_Size: {x: 1.7620434, y: 4.6957507, z: 0.060813364}
  m_Center: {x: 0.8801538, y: 2.3413794, z: 0.0015804813}
--- !u!65 &6372524386997095009
BoxCollider:
  m_ObjectHideFlags: 0
  m_CorrespondingSourceObject: {fileID: 0}
  m_PrefabInstance: {fileID: 0}
  m_PrefabAsset: {fileID: 0}
  m_GameObject: {fileID: 1851687240403277592}
  m_Material: {fileID: 0}
  m_IsTrigger: 0
  m_Enabled: 1
  serializedVersion: 2
  m_Size: {x: 1.7668989, y: 5.1920877, z: 0.053007957}
  m_Center: {x: -0.8795362, y: 2.0960433, z: 0.0037374252}
--- !u!1 &7833903433291300785
GameObject:
  m_ObjectHideFlags: 0
  m_CorrespondingSourceObject: {fileID: 0}
  m_PrefabInstance: {fileID: 0}
  m_PrefabAsset: {fileID: 0}
  serializedVersion: 6
  m_Component:
  - component: {fileID: 582478635142039377}
  m_Layer: 0
  m_Name: Gates
  m_TagString: Untagged
  m_Icon: {fileID: 0}
  m_NavMeshLayer: 0
  m_StaticEditorFlags: 0
  m_IsActive: 1
--- !u!4 &582478635142039377
Transform:
  m_ObjectHideFlags: 0
  m_CorrespondingSourceObject: {fileID: 0}
  m_PrefabInstance: {fileID: 0}
  m_PrefabAsset: {fileID: 0}
  m_GameObject: {fileID: 7833903433291300785}
  m_LocalRotation: {x: -0, y: 1, z: -0, w: 0.0000008493661}
  m_LocalPosition: {x: -8.09, y: 2.39, z: 29.77}
  m_LocalScale: {x: 1, y: 1, z: 1}
  m_Children:
  - {fileID: 3452530716293375243}
  - {fileID: 3452530714949503120}
  m_Father: {fileID: 0}
  m_RootOrder: 0
  m_LocalEulerAnglesHint: {x: 0, y: 0, z: 0}
--- !u!1001 &7679603466442466186
PrefabInstance:
  m_ObjectHideFlags: 0
  serializedVersion: 2
  m_Modification:
    m_TransformParent: {fileID: 582478635142039377}
    m_Modifications:
    - target: {fileID: -927199367670048503, guid: a4cbf9882ae189e4a9cecaaf161e661c,
        type: 3}
      propertyPath: m_Name
      value: GateLeft_low
      objectReference: {fileID: 0}
    - target: {fileID: -4216859302048453862, guid: a4cbf9882ae189e4a9cecaaf161e661c,
        type: 3}
      propertyPath: m_LocalPosition.x
      value: 0.039000507
      objectReference: {fileID: 0}
    - target: {fileID: -4216859302048453862, guid: a4cbf9882ae189e4a9cecaaf161e661c,
        type: 3}
      propertyPath: m_LocalPosition.y
      value: 0
      objectReference: {fileID: 0}
    - target: {fileID: -4216859302048453862, guid: a4cbf9882ae189e4a9cecaaf161e661c,
        type: 3}
      propertyPath: m_LocalPosition.z
      value: -0.0030003258
      objectReference: {fileID: 0}
    - target: {fileID: -4216859302048453862, guid: a4cbf9882ae189e4a9cecaaf161e661c,
        type: 3}
      propertyPath: m_LocalRotation.x
      value: -0
      objectReference: {fileID: 0}
    - target: {fileID: -4216859302048453862, guid: a4cbf9882ae189e4a9cecaaf161e661c,
        type: 3}
      propertyPath: m_LocalRotation.y
      value: -0
      objectReference: {fileID: 0}
    - target: {fileID: -4216859302048453862, guid: a4cbf9882ae189e4a9cecaaf161e661c,
        type: 3}
      propertyPath: m_LocalRotation.z
      value: -0
      objectReference: {fileID: 0}
    - target: {fileID: -4216859302048453862, guid: a4cbf9882ae189e4a9cecaaf161e661c,
        type: 3}
      propertyPath: m_LocalRotation.w
      value: 1
      objectReference: {fileID: 0}
    - target: {fileID: -4216859302048453862, guid: a4cbf9882ae189e4a9cecaaf161e661c,
        type: 3}
      propertyPath: m_RootOrder
      value: 1
      objectReference: {fileID: 0}
    - target: {fileID: -4216859302048453862, guid: a4cbf9882ae189e4a9cecaaf161e661c,
        type: 3}
      propertyPath: m_LocalEulerAnglesHint.x
      value: 0
      objectReference: {fileID: 0}
    - target: {fileID: -4216859302048453862, guid: a4cbf9882ae189e4a9cecaaf161e661c,
        type: 3}
      propertyPath: m_LocalEulerAnglesHint.y
      value: 180.00002
      objectReference: {fileID: 0}
    - target: {fileID: -4216859302048453862, guid: a4cbf9882ae189e4a9cecaaf161e661c,
        type: 3}
      propertyPath: m_LocalEulerAnglesHint.z
      value: 0
      objectReference: {fileID: 0}
    - target: {fileID: -4216859302048453862, guid: a4cbf9882ae189e4a9cecaaf161e661c,
        type: 3}
      propertyPath: m_LocalScale.x
      value: 1.5273
      objectReference: {fileID: 0}
    - target: {fileID: -4216859302048453862, guid: a4cbf9882ae189e4a9cecaaf161e661c,
        type: 3}
      propertyPath: m_LocalScale.y
      value: 1.5273
      objectReference: {fileID: 0}
    - target: {fileID: -4216859302048453862, guid: a4cbf9882ae189e4a9cecaaf161e661c,
        type: 3}
      propertyPath: m_LocalScale.z
      value: 1.5273
      objectReference: {fileID: 0}
    - target: {fileID: 8215163393630588710, guid: a4cbf9882ae189e4a9cecaaf161e661c,
        type: 3}
      propertyPath: m_Materials.Array.data[0]
      value: 
      objectReference: {fileID: 2100000, guid: 4a168d913272f0b4aaf991008251bdbe, type: 2}
    m_RemovedComponents: []
  m_SourcePrefab: {fileID: 100100000, guid: a4cbf9882ae189e4a9cecaaf161e661c, type: 3}
--- !u!1 &1851687242278779523 stripped
GameObject:
  m_CorrespondingSourceObject: {fileID: -927199367670048503, guid: a4cbf9882ae189e4a9cecaaf161e661c,
    type: 3}
  m_PrefabInstance: {fileID: 7679603466442466186}
  m_PrefabAsset: {fileID: 0}
--- !u!4 &3452530714949503120 stripped
Transform:
  m_CorrespondingSourceObject: {fileID: -4216859302048453862, guid: a4cbf9882ae189e4a9cecaaf161e661c,
    type: 3}
  m_PrefabInstance: {fileID: 7679603466442466186}
  m_PrefabAsset: {fileID: 0}
--- !u!1001 &7679603467787374097
PrefabInstance:
  m_ObjectHideFlags: 0
  serializedVersion: 2
  m_Modification:
    m_TransformParent: {fileID: 582478635142039377}
    m_Modifications:
    - target: {fileID: -927199367670048503, guid: 1e9dcffc0f462c94f8b051ccdb13c7a6,
        type: 3}
      propertyPath: m_Name
      value: GateRight_low
      objectReference: {fileID: 0}
    - target: {fileID: -4216859302048453862, guid: 1e9dcffc0f462c94f8b051ccdb13c7a6,
        type: 3}
      propertyPath: m_LocalPosition.x
      value: 0
      objectReference: {fileID: 0}
    - target: {fileID: -4216859302048453862, guid: 1e9dcffc0f462c94f8b051ccdb13c7a6,
        type: 3}
      propertyPath: m_LocalPosition.y
      value: 0
      objectReference: {fileID: 0}
    - target: {fileID: -4216859302048453862, guid: 1e9dcffc0f462c94f8b051ccdb13c7a6,
        type: 3}
      propertyPath: m_LocalPosition.z
      value: 0
      objectReference: {fileID: 0}
    - target: {fileID: -4216859302048453862, guid: 1e9dcffc0f462c94f8b051ccdb13c7a6,
        type: 3}
      propertyPath: m_LocalRotation.x
      value: -0
      objectReference: {fileID: 0}
    - target: {fileID: -4216859302048453862, guid: 1e9dcffc0f462c94f8b051ccdb13c7a6,
        type: 3}
      propertyPath: m_LocalRotation.y
      value: -0
      objectReference: {fileID: 0}
    - target: {fileID: -4216859302048453862, guid: 1e9dcffc0f462c94f8b051ccdb13c7a6,
        type: 3}
      propertyPath: m_LocalRotation.z
      value: -0
      objectReference: {fileID: 0}
    - target: {fileID: -4216859302048453862, guid: 1e9dcffc0f462c94f8b051ccdb13c7a6,
        type: 3}
      propertyPath: m_LocalRotation.w
      value: 1
      objectReference: {fileID: 0}
    - target: {fileID: -4216859302048453862, guid: 1e9dcffc0f462c94f8b051ccdb13c7a6,
        type: 3}
      propertyPath: m_RootOrder
      value: 0
      objectReference: {fileID: 0}
    - target: {fileID: -4216859302048453862, guid: 1e9dcffc0f462c94f8b051ccdb13c7a6,
        type: 3}
      propertyPath: m_LocalEulerAnglesHint.x
      value: 0
      objectReference: {fileID: 0}
    - target: {fileID: -4216859302048453862, guid: 1e9dcffc0f462c94f8b051ccdb13c7a6,
        type: 3}
      propertyPath: m_LocalEulerAnglesHint.y
      value: 180.00002
      objectReference: {fileID: 0}
    - target: {fileID: -4216859302048453862, guid: 1e9dcffc0f462c94f8b051ccdb13c7a6,
        type: 3}
      propertyPath: m_LocalEulerAnglesHint.z
      value: 0
      objectReference: {fileID: 0}
    - target: {fileID: -4216859302048453862, guid: 1e9dcffc0f462c94f8b051ccdb13c7a6,
        type: 3}
      propertyPath: m_LocalScale.x
      value: 1.5273
      objectReference: {fileID: 0}
    - target: {fileID: -4216859302048453862, guid: 1e9dcffc0f462c94f8b051ccdb13c7a6,
        type: 3}
      propertyPath: m_LocalScale.y
      value: 1.5273
      objectReference: {fileID: 0}
    - target: {fileID: -4216859302048453862, guid: 1e9dcffc0f462c94f8b051ccdb13c7a6,
        type: 3}
      propertyPath: m_LocalScale.z
      value: 1.5273
      objectReference: {fileID: 0}
    - target: {fileID: 2198748577791967645, guid: 1e9dcffc0f462c94f8b051ccdb13c7a6,
        type: 3}
      propertyPath: m_Materials.Array.data[0]
      value: 
      objectReference: {fileID: 2100000, guid: c3a525aeaf7f1b549934c42117f02e07, type: 2}
    m_RemovedComponents: []
  m_SourcePrefab: {fileID: 100100000, guid: 1e9dcffc0f462c94f8b051ccdb13c7a6, type: 3}
--- !u!1 &1851687240403277592 stripped
GameObject:
  m_CorrespondingSourceObject: {fileID: -927199367670048503, guid: 1e9dcffc0f462c94f8b051ccdb13c7a6,
    type: 3}
  m_PrefabInstance: {fileID: 7679603467787374097}
  m_PrefabAsset: {fileID: 0}
--- !u!4 &3452530716293375243 stripped
Transform:
  m_CorrespondingSourceObject: {fileID: -4216859302048453862, guid: 1e9dcffc0f462c94f8b051ccdb13c7a6,
    type: 3}
  m_PrefabInstance: {fileID: 7679603467787374097}
  m_PrefabAsset: {fileID: 0}
